<record><leader>00000cas a22000007a 4500</leader><controlfield tag="001">9229442</controlfield><controlfield tag="008">830216d18861889okuwr ne      0   a0eng d</controlfield><datafield ind1=" " ind2=" " tag="010"><subfield code="a">sn 83025065 </subfield></datafield><datafield ind1=" " ind2=" " tag="040"><subfield code="a">WIH</subfield><subfield code="b">eng</subfield><subfield code="c">WIH</subfield><subfield code="d">NPV</subfield><subfield code="d">DLC</subfield><subfield code="d">OBN</subfield><subfield code="d">OCLCQ</subfield><subfield code="d">OCLCF</subfield><subfield code="d">OCLCO</subfield></datafield><datafield ind1="1" ind2=" " tag="029"><subfield code="a">AU@</subfield><subfield code="b">000025806923</subfield></datafield><datafield ind1="0" ind2=" " tag="041"><subfield code="a">engcho</subfield></datafield><datafield ind1=" " ind2=" " tag="042"><subfield code="a">msc</subfield></datafield><datafield ind1=" " ind2=" " tag="043"><subfield code="a">n-us-ok</subfield></datafield><datafield ind1=" " ind2=" " tag="045"><subfield code="a">w8w8</subfield></datafield><datafield ind1=" " ind2=" " tag="052"><subfield code="a">4023</subfield><subfield code="b">A7</subfield></datafield><datafield ind1="0" ind2=" " tag="130"><subfield code="a">Atoka independent (Atoka, Okla. : 1886)</subfield></datafield><datafield ind1="1" ind2="0" tag="245"><subfield code="a">Atoka independent.</subfield></datafield><datafield ind1=" " ind2=" " tag="260"><subfield code="a">Atoka, I.T. [Okla.] :</subfield><subfield code="b">H.F. O'Beirne</subfield></datafield><datafield ind1=" " ind2=" " tag="300"><subfield code="a">v.</subfield></datafield><datafield ind1=" " ind2=" " tag="310"><subfield code="a">Weekly</subfield></datafield><datafield ind1=" " ind2=" " tag="546"><subfield code="a">English and Choctaw.</subfield></datafield><datafield ind1=" " ind2=" " tag="588"><subfield code="a">Description based on: June 5, 1886.</subfield></datafield><datafield ind1=" " ind2="0" tag="650"><subfield code="a">Choctaw Indians</subfield><subfield code="z">Oklahoma</subfield><subfield code="v">Newspapers.</subfield></datafield><datafield ind1=" " ind2="0" tag="650"><subfield code="a">Chickasaw Indians</subfield><subfield code="z">Oklahoma</subfield><subfield code="v">Newspapers.</subfield></datafield><datafield ind1=" " ind2="0" tag="650"><subfield code="a">Indians of North America</subfield><subfield code="z">Oklahoma</subfield><subfield code="v">Newspapers.</subfield></datafield><datafield ind1=" " ind2="4" tag="651"><subfield code="a">Atoka (Okla.)</subfield><subfield code="v">Newspapers.</subfield></datafield><datafield ind1=" " ind2="4" tag="651"><subfield code="a">Atoka County (Okla.)</subfield><subfield code="v">Newspapers.</subfield></datafield><datafield ind1=" " ind2="4" tag="651"><subfield code="a">Indian Territory (Okla.)</subfield><subfield code="v">Newspapers.</subfield></datafield><datafield ind1=" " ind2="7" tag="655"><subfield code="a">Newspapers.</subfield><subfield code="2">fast</subfield><subfield code="0">(OCoLC)fst01423814</subfield></datafield><datafield ind1=" " ind2="7" tag="650"><subfield code="a">Chickasaw Indians.</subfield><subfield code="2">fast</subfield><subfield code="0">(OCoLC)fst00854060</subfield></datafield><datafield ind1=" " ind2="7" tag="650"><subfield code="a">Choctaw Indians.</subfield><subfield code="2">fast</subfield><subfield code="0">(OCoLC)fst00858301</subfield></datafield><datafield ind1=" " ind2="7" tag="650"><subfield code="a">Indians of North America.</subfield><subfield code="2">fast</subfield><subfield code="0">(OCoLC)fst00969633</subfield></datafield><datafield ind1=" " ind2="7" tag="651"><subfield code="a">Oklahoma.</subfield><subfield code="2">fast</subfield><subfield code="0">(OCoLC)fst01205031</subfield></datafield><datafield ind1=" " ind2=" " tag="752"><subfield code="a">United States</subfield><subfield code="b">Oklahoma</subfield><subfield code="c">Atoka</subfield><subfield code="d">Atoka.</subfield></datafield><datafield ind1="0" ind2="0" tag="785"><subfield code="t">Indian citizen (Atoka, Okla. : 1889)</subfield><subfield code="w">(DLC)sn 83025064</subfield></datafield></record>